@article{khatri2012ten,
  title={Ten years of pathway analysis: current approaches and outstanding challenges},
  author={Khatri, Purvesh and Sirota, Marina and Butte, Atul J},
  journal={PLoS computational biology},
  volume={8},
  number={2},
  pages={e1002375},
  year={2012},
  publisher={Public Library of Science}
}

@article{luo2009gage,
  title={GAGE: generally applicable gene set enrichment for pathway analysis},
  author={Luo, Weijun and Friedman, Michael S and Shedden, Kerby and Hankenson, Kurt D and Woolf, Peter J},
  journal={BMC bioinformatics},
  volume={10},
  number={1},
  pages={161},
  year={2009},
  publisher={BioMed Central}
}

@article{kanehisa2004kegg,
  title={The KEGG resource for deciphering the genome},
  author={Kanehisa, Minoru and Goto, Susumu and Kawashima, Shuichi and Okuno, Yasushi and Hattori, Masahiro},
  journal={Nucleic acids research},
  volume={32},
  number={suppl\_1},
  pages={D277--D280},
  year={2004},
  publisher={Oxford University Press}
}

@article{kanehisa2000kegg,
  title={KEGG: kyoto encyclopedia of genes and genomes},
  author={Kanehisa, Minoru and Goto, Susumu},
  journal={Nucleic acids research},
  volume={28},
  number={1},
  pages={27--30},
  year={2000},
  publisher={Oxford University Press}
}

@article{tian2005discovering,
  title={Discovering statistically significant pathways in expression profiling studies},
  author={Tian, Lu and Greenberg, Steven A and Kong, Sek Won and Altschuler, Josiah and Kohane, Isaac S and Park, Peter J},
  journal={Proceedings of the National Academy of Sciences},
  volume={102},
  number={38},
  pages={13544--13549},
  year={2005},
  publisher={National Acad Sciences}
}

@article{subramanian2005gene,
  title={Gene set enrichment analysis: a knowledge-based approach for interpreting genome-wide expression profiles},
  author={Subramanian, Aravind and Tamayo, Pablo and Mootha, Vamsi K and Mukherjee, Sayan and Ebert, Benjamin L and Gillette, Michael A and Paulovich, Amanda and Pomeroy, Scott L and Golub, Todd R and Lander, Eric S and others},
  journal={Proceedings of the National Academy of Sciences},
  volume={102},
  number={43},
  pages={15545--15550},
  year={2005},
  publisher={National Acad Sciences}
}

@article{croft2010reactome,
  title={Reactome: a database of reactions, pathways and biological processes},
  author={Croft, David and Oâ€™kelly, Gavin and Wu, Guanming and Haw, Robin and Gillespie, Marc and Matthews, Lisa and Caudy, Michael and Garapati, Phani and Gopinath, Gopal and Jassal, Bijay and others},
  journal={Nucleic acids research},
  volume={39},
  number={suppl\_1},
  pages={D691--D697},
  year={2010},
  publisher={Oxford University Press}
}

@article{yu2016reactomepa,
  title={ReactomePA: an R/Bioconductor package for reactome pathway analysis and visualization},
  author={Yu, Guangchuang and He, Qing-Yu},
  journal={Molecular BioSystems},
  volume={12},
  number={2},
  pages={477--479},
  year={2016},
  publisher={Royal Society of Chemistry}
}


@Manual{shiny,
    title = {shiny: Web Application Framework for R},
    author = {Winston Chang and Joe Cheng and JJ Allaire and Yihui Xie and Jonathan McPherson},
    year = {2018},
    note = {R package version 1.2.0},
    url = {https://CRAN.R-project.org/package=shiny},
  }

@article{reimand2019pathway,
  title={Pathway enrichment analysis and visualization of omics data using g: Profiler, GSEA, Cytoscape and EnrichmentMap},
  author={Reimand, J{\"u}ri and Isserlin, Ruth and Voisin, Veronique and Kucera, Mike and Tannus-Lopes, Christian and Rostamianfar, Asha and Wadi, Lina and Meyer, Mona and Wong, Jeff and Xu, Changjiang and others},
  journal={Nature protocols},
  pages={1},
  year={2019},
  publisher={Nature Publishing Group}
}

@article{koti2013identification,
  title={Identification of the IGF1/PI3K/NF $\kappa$ B/ERK gene signalling networks associated with chemotherapy resistance and treatment response in high-grade serous epithelial ovarian cancer},
  author={Koti, Madhuri and Gooding, Robert J and Nuin, Paulo and Haslehurst, Alexandria and Crane, Colleen and Weberpals, Johanne and Childs, Timothy and Bryson, Peter and Dharsee, Moyez and Evans, Kenneth and others},
  journal={BMC cancer},
  volume={13},
  number={1},
  pages={549},
  year={2013},
  publisher={BioMed Central}
}

@article{sgado2013transcriptome,
  title={Transcriptome profiling in engrailed-2 mutant mice reveals common molecular pathways associated with autism spectrum disorders},
  author={Sgad{\`o}, Paola and Provenzano, Giovanni and Dassi, Erik and Adami, Valentina and Zunino, Giulia and Genovesi, Sacha and Casarosa, Simona and Bozzi, Yuri},
  journal={Molecular autism},
  volume={4},
  number={1},
  pages={51},
  year={2013},
  publisher={BioMed Central}
}

@article{graze2018perturbation,
  title={Perturbation of IIS/TOR signaling alters the landscape of sex-differential gene expression in Drosophila},
  author={Graze, Rita M and Tzeng, Ruei-Ying and Howard, Tiffany S and Arbeitman, Michelle N},
  journal={BMC genomics},
  volume={19},
  number={1},
  pages={893},
  year={2018},
  publisher={BioMed Central}
}