@article{khatri2012ten,
  title={Ten years of pathway analysis: current approaches and outstanding challenges},
  author={Khatri, Purvesh and Sirota, Marina and Butte, Atul J},
  journal={PLoS computational biology},
  volume={8},
  number={2},
  pages={e1002375},
  year={2012},
  publisher={Public Library of Science}
}

@article{luo2009gage,
  title={GAGE: generally applicable gene set enrichment for pathway analysis},
  author={Luo, Weijun and Friedman, Michael S and Shedden, Kerby and Hankenson, Kurt D and Woolf, Peter J},
  journal={BMC bioinformatics},
  volume={10},
  number={1},
  pages={161},
  year={2009},
  publisher={BioMed Central}
}

@article{kanehisa2004kegg,
  title={The KEGG resource for deciphering the genome},
  author={Kanehisa, Minoru and Goto, Susumu and Kawashima, Shuichi and Okuno, Yasushi and Hattori, Masahiro},
  journal={Nucleic acids research},
  volume={32},
  number={suppl\_1},
  pages={D277--D280},
  year={2004},
  publisher={Oxford University Press}
}

@article{kanehisa2000kegg,
  title={KEGG: kyoto encyclopedia of genes and genomes},
  author={Kanehisa, Minoru and Goto, Susumu},
  journal={Nucleic acids research},
  volume={28},
  number={1},
  pages={27--30},
  year={2000},
  publisher={Oxford University Press}
}

@article{tian2005discovering,
  title={Discovering statistically significant pathways in expression profiling studies},
  author={Tian, Lu and Greenberg, Steven A and Kong, Sek Won and Altschuler, Josiah and Kohane, Isaac S and Park, Peter J},
  journal={Proceedings of the National Academy of Sciences},
  volume={102},
  number={38},
  pages={13544--13549},
  year={2005},
  publisher={National Acad Sciences}
}

@article{subramanian2005gene,
  title={Gene set enrichment analysis: a knowledge-based approach for interpreting genome-wide expression profiles},
  author={Subramanian, Aravind and Tamayo, Pablo and Mootha, Vamsi K and Mukherjee, Sayan and Ebert, Benjamin L and Gillette, Michael A and Paulovich, Amanda and Pomeroy, Scott L and Golub, Todd R and Lander, Eric S and others},
  journal={Proceedings of the National Academy of Sciences},
  volume={102},
  number={43},
  pages={15545--15550},
  year={2005},
  publisher={National Acad Sciences}
}

@article{croft2010reactome,
  title={Reactome: a database of reactions, pathways and biological processes},
  author={Croft, David and O’kelly, Gavin and Wu, Guanming and Haw, Robin and Gillespie, Marc and Matthews, Lisa and Caudy, Michael and Garapati, Phani and Gopinath, Gopal and Jassal, Bijay and others},
  journal={Nucleic acids research},
  volume={39},
  number={suppl\_1},
  pages={D691--D697},
  year={2010},
  publisher={Oxford University Press}
}

@article{yu2016reactomepa,
  title={ReactomePA: an R/Bioconductor package for reactome pathway analysis and visualization},
  author={Yu, Guangchuang and He, Qing-Yu},
  journal={Molecular BioSystems},
  volume={12},
  number={2},
  pages={477--479},
  year={2016},
  publisher={Royal Society of Chemistry}
}


@Manual{shiny,
    title = {shiny: Web Application Framework for R},
    author = {Winston Chang and Joe Cheng and JJ Allaire and Yihui Xie and Jonathan McPherson},
    year = {2018},
    note = {R package version 1.2.0},
    url = {https://CRAN.R-project.org/package=shiny},
  }

@article{reimand2019pathway,
  title={Pathway enrichment analysis and visualization of omics data using g: Profiler, GSEA, Cytoscape and EnrichmentMap},
  author={Reimand, J{\"u}ri and Isserlin, Ruth and Voisin, Veronique and Kucera, Mike and Tannus-Lopes, Christian and Rostamianfar, Asha and Wadi, Lina and Meyer, Mona and Wong, Jeff and Xu, Changjiang and others},
  journal={Nature protocols},
  pages={1},
  year={2019},
  publisher={Nature Publishing Group}
}

@article{li2017zbtb7b,
  title={Zbtb7b engages the long noncoding RNA Blnc1 to drive brown and beige fat development and thermogenesis},
  author={Li, Siming and Mi, Lin and Yu, Lei and Yu, Qi and Liu, Tongyu and Wang, Guo-Xiao and Zhao, Xu-Yun and Wu, Jun and Lin, Jiandie D},
  journal={Proceedings of the National Academy of Sciences},
  volume={114},
  number={34},
  pages={E7111--E7120},
  year={2017},
  publisher={National Acad Sciences}
}

@article{schmidt2008humoral,
  title={The humoral immune system has a key prognostic impact in node-negative breast cancer},
  author={Schmidt, Marcus and B{\"o}hm, Daniel and Von T{\"o}rne, Christian and Steiner, Eric and Puhl, Alexander and Pilch, Henryk and Lehr, Hans-Anton and Hengstler, Jan G and K{\"o}lbl, Heinz and Gehrmann, Mathias},
  journal={Cancer research},
  volume={68},
  number={13},
  pages={5405--5413},
  year={2008},
  publisher={AACR}
}

@article{farmer2005identification,
  title={Identification of molecular apocrine breast tumours by microarray analysis},
  author={Farmer, Pierre and Bonnefoi, Herve and Becette, Veronique and Tubiana-Hulin, Michele and Fumoleau, Pierre and Larsimont, Denis and MacGrogan, Gaetan and Bergh, Jonas and Cameron, David and Goldstein, Darlene and others},
  journal={Breast Cancer Research},
  volume={7},
  number={2},
  pages={P2--11},
  year={2005},
  publisher={BioMed Central}
}
@article{hengel2003cutting,
  title={Cutting edge: L-selectin (CD62L) expression distinguishes small resting memory CD4+ T cells that preferentially respond to recall antigen},
  author={Hengel, Richard L and Thaker, Vishakha and Pavlick, Mark V and Metcalf, Julia A and Dennis, Glynn and Yang, Jun and Lempicki, Richard A and Sereti, Irini and Lane, H Clifford},
  journal={The Journal of Immunology},
  volume={170},
  number={1},
  pages={28--32},
  year={2003},
  publisher={Am Assoc Immnol}
}

@article{kim2005page,
  title={PAGE: parametric analysis of gene set enrichment},
  author={Kim, Seon-Young and Volsky, David J},
  journal={BMC bioinformatics},
  volume={6},
  number={1},
  pages={144},
  year={2005},
  publisher={BioMed Central}
}

@article{barry2005significance,
  title={Significance analysis of functional categories in gene expression studies: a structured permutation approach},
  author={Barry, William T and Nobel, Andrew B and Wright, Fred A},
  journal={Bioinformatics},
  volume={21},
  number={9},
  pages={1943--1949},
  year={2005},
  publisher={Oxford University Press}
}
@article{dinu2007improving,
  title={Improving gene set analysis of microarray data by SAM-GS},
  author={Dinu, Irina and Potter, John D and Mueller, Thomas and Liu, Qi and Adewale, Adeniyi J and Jhangri, Gian S and Einecke, Gunilla and Famulski, Konrad S and Halloran, Philip and Yasui, Yutaka},
  journal={BMC bioinformatics},
  volume={8},
  number={1},
  pages={242},
  year={2007},
  publisher={BioMed Central}
}
@article{boorsma2005t,
  title={T-profiler: scoring the activity of predefined groups of genes using gene expression data},
  author={Boorsma, Andre and Foat, Barrett C and Vis, Daniel and Klis, Frans and Bussemaker, Harmen J},
  journal={Nucleic acids research},
  volume={33},
  number={suppl\_2},
  pages={W592--W595},
  year={2005},
  publisher={Oxford University Press}
}

@article{newton2007random,
  title={Random-set methods identify distinct aspects of the enrichment signal in gene-set analysis},
  author={Newton, Michael A and Quintana, Fernando A and Den Boon, Johan A and Sengupta, Srikumar and Ahlquist, Paul and others},
  journal={The Annals of Applied Statistics},
  volume={1},
  number={1},
  pages={85--106},
  year={2007},
  publisher={Institute of Mathematical Statistics}
}

@article{boyle2004go,
  title={GO:: TermFinder—open source software for accessing Gene Ontology information and finding significantly enriched Gene Ontology terms associated with a list of genes},
  author={Boyle, Elizabeth I and Weng, Shuai and Gollub, Jeremy and Jin, Heng and Botstein, David and Cherry, J Michael and Sherlock, Gavin},
  journal={Bioinformatics},
  volume={20},
  number={18},
  pages={3710--3715},
  year={2004},
  publisher={Oxford University Press}
}

 @manual{Guangchuang,
      title  = "UclusterProfiler: universal enrichment tool for functional and comparative study",
      author = "Guangchuang Yu",
      note   = "\url{https://yulab-smu.github.io/clusterProfiler-book/}",
      year   = "accessed may 2019"
    }
    

@online{HWick,
  author = {Hadley Wickham},
  title = {R packages},
  year = 2015,
  url = {http://web.archive.org/web/20080207010024/http://www.808multimedia.com/winnt/kernel.htm},
  urldate = {2019-05-15}
}

@article{gene2004gene,
  title={The Gene Ontology (GO) database and informatics resource},
  author={Gene Ontology Consortium},
  journal={Nucleic acids research},
  volume={32},
  number={suppl\_1},
  pages={D258--D261},
  year={2004},
  publisher={Oxford University Press}
}
@article{tarca2008novel,
  title={A novel signaling pathway impact analysis},
  author={Tarca, Adi Laurentiu and Draghici, Sorin and Khatri, Purvesh and Hassan, Sonia S and Mittal, Pooja and Kim, Jung-sun and Kim, Chong Jai and Kusanovic, Juan Pedro and Romero, Roberto},
  journal={Bioinformatics},
  volume={25},
  number={1},
  pages={75--82},
  year={2008},
  publisher={Oxford University Press}
}
@article{rahnenfuhrer2004calculating,
  title={Calculating the statistical significance of changes in pathway activity from gene expression data},
  author={Rahnenf{\"u}hrer, J{\"o}rg and Domingues, Francisco S and Maydt, Jochen and Lengauer, Thomas},
  journal={Statistical applications in genetics and molecular biology},
  volume={3},
  number={1},
  pages={1--29},
  year={2004},
  publisher={De Gruyter}
}
@article{draghici2007systems,
  title={A systems biology approach for pathway level analysis},
  author={Draghici, Sorin and Khatri, Purvesh and Tarca, Adi Laurentiu and Amin, Kashyap and Done, Arina and Voichita, Calin and Georgescu, Constantin and Romero, Roberto},
  journal={Genome research},
  volume={17},
  number={10},
  pages={1537--1545},
  year={2007},
  publisher={Cold Spring Harbor Lab}
}